@book{JVMSpec,
    author = {Lindholm, T. and Yellin, F.},
    title = {The Java Virtual Machine Specification},
    year = {1999},
    publisher = {Addison-Wesley, Reading}
}

@article{JavaJIT,
    author = {Cramer, T. and other},
    title = {Compiling Java just in time},
    journal = "Micro, IEEE",
    volume = "17",
    month = "May",
    year = "1997",
}

@misc{JVMBranch,
    author = {Ramesh Radhakrishnan and R. Radhakrishnany and Lizy K. John and Juan Rubio and L. K. Johny and N. Vijaykrishnan},
    title = {Execution Characteristics of Just-In-Time Compilers},
    year = {1999}
}

@article{JITHistory,
    author = {Aycock, John},
    title = {A Brief History of Just-in-time},
    journal = {ACM Comput. Surv.},
    volume = {35},
    number = {2},
    month = jun,
    year = {2003},
    issn = {0360-0300},
    pages = {97--113},
    publisher = {ACM},
    address = {New York, NY, USA},
}

@online{HotSpotOT,
    title = {Performance techniques used in the Hotspot JVM},
    howpublished = {\url{https://wikis.oracle.com/display/HotSpotInternals/PerformanceTechniques}}
}

@article{CLRGenerics,
    author = {Kennedy, Andrew and Syme, Don},
    title = {Design and Implementation of Generics for the .NET Common Language Runtime},
    journal = {SIGPLAN Not.},
    volume = {36},
    number = {5},
    month = may,
    year = {2001},
    pages = {1--12},
    publisher = {ACM},
    address = {New York, NY, USA},
}

@online{JavacOT,
    title = {Optimizations performed by javac},
    author = {Brian Gordon},
    howpublished = {\url{https://briangordon.github.io/2014/01/javac-optimizations.html}}
}

@article{HotspotDesign,
    author = {Kotzmann, Thomas and Wimmer, Christian and other},
    title = {Design of the Java HotSpot\&Trade; Client Compiler for Java 6},
    month = may,
    year = {2008},
    publisher = {Sun Microsystems, Inc.},
}

@online(J8LambdaTranslation,
    title = {Translation of Lambda Expressions},
    howpublished = {\url{http://cr.openjdk.java.net/~briangoetz/lambda/lambda-translation.html}}
)

@PhDThesis{ScalaDragos,
    author          = {Dragos, Iulian},
    institute       = {IIF},
    publisher       = {EPFL},
    school          = {IC},
    thesis-id       = {4820},
    title           = {Compiling {S}cala for {P}erformance},
    year            = 2010
}

@book{Muchnick,
    author = {Muchnick, Steven S.},
    title = {Advanced Compiler Design and Implementation},
    year = {1997},
    isbn = {1-55860-320-4},
    publisher = {Morgan Kaufmann Publishers Inc.},
    address = {San Francisco, CA, USA},
}
